2200 3517
269 165 340 215 44
797 164 1368 214 EPAMINONDAS.
1437 179 1483 231 3,
1509 179 1554 227 4.

275 332 336 391 in
397 340 608 408 primis
665 340 997 391 commissa
1057 332 1286 405 celenS,
1351 333 1520 408 quod
1579 333 1893 393 interdum
1952 340 2091 393 nen

275 436 476 494 minus
515 436 770 512 predest
807 453 992 511 quam
1029 434 1259 494 diserte
1295 436 1519 508 dicere,
1554 435 1873 496 studiesus
1913 436 2094 494 audi-

276 539 462 597 endi:
530 557 606 597 ex
661 539 781 598 hec
839 538 1004 597 enim
1066 537 1359 597 facillime
1424 538 1582 600 disci
1647 539 2087 599 arbitrabatur.

207 656 242 707 3
278 645 499 719 Itaque
540 660 679 715 cum
719 641 783 700 in
823 641 1118 701 circulum
1147 640 1421 701 venisset
1465 641 1529 699 in
1578 650 1704 718 que
1744 652 1851 702 aut
1891 642 1975 702 de
2019 649 2092 701 re

277 745 523 823 publica
547 744 966 821 disputaretur
996 753 1102 803 aut
1133 744 1213 803 de
1242 744 1640 821 philosophia
1664 754 1867 806 serme
1896 746 2092 805 habe-
2165 761 2189 813 5

277 856 459 922 retur,
485 866 820 924 numquam
850 847 996 907 inde
1025 847 1197 924 prius
1227 846 1515 908 discessit
1537 867 1726 925 quarn
1769 851 1850 908 ad
1888 850 2092 909 finem

209 963 244 1012 4
278 959 480 1011 serme
538 961 705 1011 esset
761 951 1085 1010 adductuS.
1200 953 1635 1027 Paupertatem
1686 953 1848 1013 adeo
1898 953 2090 1012 facile

276 1073 609 1132 perpessus
639 1063 736 1112 est
766 1063 834 1113 ut
861 1054 941 1114 de
970 1061 1035 1113 re
1057 1043 1306 1131 publica
1337 1053 1490 1112 nihil
1529 1064 1777 1131 praeter
1824 1055 2090 1133 gleriam

244 1158 529 1235 ceperit.
626 1160 984 1217 Amicerum
1033 1157 1095 1216 in
1147 1165 1213 1217 se
1261 1155 1496 1217 tuende
1543 1159 1742 1218 caruit
1785 1159 2093 1220 facultati-

279 1262 414 1334 buS,
460 1261 583 1321 fide
637 1260 719 1320 ad
764 1260 918 1319 alies
965 1261 1387 1320 sublevandes
1432 1280 1619 1337 saepe
1664 1271 1755 1321 sic
1801 1273 1952 1323 fisus
1997 1273 2092 1322 est
2131 1286 2180 1321 10

279 1375 349 1424 ut
379 1364 635 1425 iudicari
679 1364 877 1441 possit
920 1363 1132 1422 omnia
1175 1372 1232 1423 ei
1274 1382 1413 1423 cum
1454 1373 1671 1424 amicis
1699 1365 1898 1426 fuisse
1931 1385 2092 1426 com-

214 1478 248 1529 5
281 1468 506 1528 munia.
611 1469 770 1527 Nam
816 1486 957 1527 cum
1000 1477 1108 1527 aut
1150 1466 1372 1526 civium
1425 1470 1679 1528 ‘suerum
1732 1469 1961 1546 aliquis
2015 1470 2092 1529 ab

282 1572 566 1632 hostibus
600 1581 769 1631 esset
803 1581 1042 1647 captuS,
1077 1579 1185 1629 aut
1214 1569 1390 1647 virge
1426 1580 1607 1630 amici
1646 1572 1897 1647 nubilis,
1932 1592 2091 1650 quae

281 1685 533 1753 propter
553 1683 979 1751 paupertatem
998 1674 1313 1733 conlocari
1335 1681 1464 1733 nen
1494 1684 1725 1750 posset,
1753 1684 2092 1737 amicerum

282 1779 608 1839 censilium
652 1778 923 1837 habebat
968 1787 1045 1849 et,
1090 1787 1391 1852 quantum
1434 1777 1698 1854 quisque
1738 1780 1935 1849 daret,
1978 1788 2092 1857 pre
2130 1801 2173 1855 15

215 1893 251 1943 6
281 1882 681 1942 facultatibus
707 1881 1065 1957 imperabat.
1152 1882 1428 1957 Eamque
1447 1899 1763 1939 summam
1786 1901 1929 1941 cum
1950 1891 2091 1943 cen-

282 1986 529 2056 fecerat,
577 1983 932 2060 priusquam
984 1983 1296 2059 acciperet
1324 1984 1690 2060 pecuniam,
1739 1986 2088 2046 adducebat

285 2107 423 2148 eum
477 2098 580 2164 qui
627 2088 964 2164 quaerebat
1016 2087 1097 2145 ad
1142 2094 1252 2146 ees
1303 2096 1409 2163 qui
1452 2088 1875 2162 conferebant,
1909 2098 2087 2166 eique

284 2201 352 2251 ut
382 2191 501 2268 ipsi
532 2198 941 2263 numerarent,
975 2190 1264 2263 faciebat,
1297 2199 1365 2249 ut
1398 2189 1517 2263 ille,
1552 2192 1631 2250 ad
1664 2211 1848 2267 quem
1885 2212 1957 2253 ea
1988 2201 2086 2253 res

284 2294 701 2372 perveniebat,
737 2303 920 2353 sciret
951 2303 1251 2370 quantum
1282 2293 1506 2370 cuique
1534 2294 1807 2355 deberet.
2117 2279 2161 2357 ἑο

212 2402 260 2462 4
367 2401 638 2459 Tentata
668 2406 875 2456 autem
904 2396 1040 2455 eius
1069 2406 1167 2455 est
1197 2396 1577 2456 abstinentia
1605 2406 1642 2457 Ξι
1669 2397 2081 2460 Diomedonte

288 2502 636 2582 Cyzicene:
681 2518 948 2576 namque
989 2499 1041 2558 is
1082 2507 1301 2576 rogatu
1332 2499 1693 2560 Artaxerxis
1735 2502 1898 2580 regis
1933 2505 2078 2581 Epa-

286 2605 644 2665 minendam
675 2602 938 2680 pecunia
970 2601 1484 2677 corrumpendum
1517 2609 1893 2679 susceperat.
1957 2608 2076 2666 Hic

288 2715 513 2786 magne
542 2725 686 2766 cum
713 2706 989 2783 pondere
1021 2714 1153 2762 auri
1177 2704 1232 2761 T
1234 2704 1428 2762 hebes
1447 2704 1616 2762 venit
1645 2713 1708 2762 et
1741 2706 2074 2785 Micythum

287 2808 823 2871 adulescentulum
867 2817 1140 2884 quinque
1171 2806 1421 2865 talentis
1462 2795 1543 2864 ad
1583 2825 1760 2865 suam
1802 2810 2073 2885 perduxit
2106 2837 2150 2889 25

288 2915 687 2985 voluntatem,
722 2929 906 2989 quem
946 2918 1075 2968 tum
1109 2909 1574 2985 Epaminendes
1602 2907 1923 2986 plurimum
1948 2914 2070 2973 dili·

374 3091 403 3140 3
437 3075 823 3138 arbitrabitur,
860 3073 1093 3121 censebat.
1113 3100 1178 3108 --
1194 3071 1228 3121 6
1262 3071 1535 3139 discessit,
1571 3074 1709 3122 abiit.
1725 3102 1795 3112 —-
1814 3090 1875 3125 10
1908 3078 2067 3131 suble-

289 3159 514 3221 Ὑαιιᾱὸε,
552 3157 884 3206 adiuvandbs.
901 3182 967 3191 --
987 3153 1044 3203 18
1087 3153 1455 3222 cbnferfibant,
1491 3158 1696 3205 dabant.
1710 3186 1779 3194 -
1796 3158 1861 3208 26
1895 3160 2064 3227 dilige-

292 3238 408 3301 bat,
431 3240 648 3287 ama‘bat.
