2200 3517
265 144 331 193 50
779 145 1344 194 EPAMINONDAS.
1414 143 1564 191 8-10.

267 311 561 369 Messene
593 311 876 369 restitisti
907 311 1124 369 urbem
1161 318 1371 370 eorum
1413 310 1744 370 obsidione
1785 309 2072 368 clausit.’'

269 415 450 473 Haec
500 433 640 472 cum
694 415 971 486 dixisset,
1026 423 1186 473 risus
1237 414 1539 472 omnium·
1565 432 1705 471 cum
1759 413 2073 471 hilaritate

264 528 513 575 coortus
553 528 666 588 est,
707 536 909 595 neque
951 518 1289 594 quisquam·
1316 517 1501 576 iudex
1536 536 1726 575 ausus
1752 527 1856 585 est
1886 517 1965 575 de
1997 524 2074 575 eo

263 621 423 678 ferre
455 620 831 697 suffragium.
924 621 1026 680 Sic
1056 630 1095 680 a
1126 621 1355 680 iudicio
1391 620 1616 696 capitis
1652 619 1922 678 maxima
1952 619 2071 678 dis-

264 723 454 782 cessit
482 723 694 800 gloria.

192 826 239 886 9
352 827 478 884 Hic
508 833 782 886 extremo
813 837 1088 903 tempore
1122 827 1453 903 imperator
1483 826 1649 902 apud
1682 826 2072 884 Mantineam

266 948 406 987 cum
448 929 581 988 acie
629 938 929 988 instructa
978 930 1277 988 audacius
1328 938 1587 988 instaret
1634 928 1939 1000 hostibuS‚
1975 936 2074 987 co-

264 1031 473 1108 gnitus
496 1041 535 1091 a
565 1033 1093 1103 Lacedaemoniis,
1121 1033 1290 1108 quod
1321 1032 1384 1089 in
1418 1042 1600 1090 unius
1629 1031 1903 1108 pernicie
1937 1032 2073 1090 eius

267 1135 502 1211 patriae
546 1135 727 1194 sitam
773 1137 1078 1212 putabant
1124 1136 1402 1206 salfitem,
1453 1135 1721 1194 universi
1765 1135 1827 1192 in
1881 1144 2072 1192 finum

267 1238 563 1314 impetum
606 1239 884 1297 fecerunt
928 1256 1132 1313 neque
1178 1238 1350 1315 prius
1398 1220 1836 1297 abscesserunt
1884 1257 2072 1315 quam

269 1349 491 1416 magna
548 1342 740 1400 caede
799 1342 1131 1419 multisque
1191 1348 1414 1400 occisis
1470 1341 1807 1399 fortissime
1868 1320 2075 1416 ipsum

273 1444 762 1519 Epaminondam
820 1455 1218 1522 pugnantem,
1282 1451 1474 1521 sparo·
1525 1444 1767 1502 eminus
1826 1461 2075 1519 percus-

200 1552 235 1601 2
269 1566 422 1618 sum,
469 1547 796 1606 concidere
840 1548 1143 1606 viderunt.
1240 1548 1445 1606 Huius
1490 1556 1636 1605 casu
1684 1546 2075 1622 aliquantum

269 1650 563 1709 retardati
616 1651 1070 1723 sunt‘Boeotii‚
1126 1669 1328 1726 neque
1380 1661 1589 1709 tamen
1642 1651 1809 1726 prius
1863 1660 2076 1727 pugna

205 1767 234 1816 3
270 1759 665 1812 excesserunt
724 1773 908 1829 quam
975 1748 1392 1831 repugnantes
1465 1754 1888 1831 profligarunt.
1990 1757 2078 1813 At

274 1857 754 1931 EpaminondaS,
806 1876 944 1915 cum
997 1856 1515 1916 animadverteret
1567 1857 1956 1916 mortiferum
2010 1865 2077 1917 se

271 1959 490 2016 volnus
522 1958 837 2035 accepisse
877 1960 1201 2035 simulque,
1238 1969 1289 2018 si
1328 1961 1575 2031 ferrum,
1611 1961 1780 2036 quod
1820 1980 1897 2019 ex
1940 1961 2079 2020 has-

272 2061 363 2118 tili
386 2061 448 2118 in
468 2081 723 2138 corpore
744 2071 1139 2134 remanserat,
1163 2063 1545 2134 extraxisset,
1569 2063 1839 2121 animam
1863 2064 2078 2123 statim

273 2170 652 2235 emissurum,
703 2184 898 2241 usque
945 2172 1021 2224 eo
1078 2165 1332 2224 retinuit
1390 2167 1596 2241 quoad
1655 2166 2079 2227 renuntiatum

205 2280 239 2330 4
273 2277 368 2324 est
391 2267 613 2325 vicisse
642 2268 949 2328 Boeotios
1043 2269 1119 2327 Id
1149 2278 1481 2345 postquam
1507 2269 1759 2339 audivit,
1789 2270 2077 2342 “Satis,'’
2114 2294 2135 2327 2

275 2369 490 2446 inquit,
527 2378 561 2403 “
582 2379 745 2429 vixi:
800 2372 1065 2430 invictus
1116 2372 1278 2429 enim
1327 2372 1613 2431 morior.''
1702 2373 2080 2452 Tum-ferro

273 2481 549 2533 extracto
579 2474 906 2533 confestim
939 2474 1325 2534 exanimatus
1356 2485 1466 2533 est.

176 2580 270 2642 10
361 2578 484 2635 Hic
516 2585 765 2636 uxorem
803 2596 1138 2654 numquam
1169 2578 1358 2636 duxit.
1445 2581 1517 2637 In
1551 2586 1675 2654 quo
1705 2597 1847 2636 cum
1878 2598 2080 2656 repre·

274 2680 649 2739 henderetur
695 2682 890 2762 (quod
935 2681 1162 2740 liberos
1204 2689 1328 2740 non
1371 2681 1773 2761 relinqueret)
1821 2690 1860 2740 a
1906 2683 2080 2741 Pelo-

274 2771 440 2859 pida,
475 2792 581 2859 qui
618 2784 817 2841 filium
860 2783 1133 2843 habebat
1175 2785 1484 2856 infamem,
1517 2784 1800 2860 maleque
1838 2803 1983 2843 eum
2015 2785 2077 2843 in

358 2955 392 3004 6
426 2956 665 3009 extremo
706 2959 966 3021 tempore,
1007 2962 1274 3019 postrema.
1305 2987 1368 2994 -
1393 2971 1417 3018 7
1469 2958 1725 3022 instaret,
1774 2962 1996 3021 urgeret.
2013 2986 2079 2994 —

276 3037 306 3085 8
364 3037 621 3102 pernicie„
676 3046 846 3086 morte.
872 3068 934 3074 —
963 3054 994 3100 9
1027 3040 1287 3104 universi,
1348 3045 1532 3089 omnis.
1556 3068 1625 3078 —-
1653 3054 1712 3105 13
1781 3041 2078 3106 concidere,

277 3122 463 3168 cadere.
481 3147 546 3155 —-
570 3134 587 3167 1
603 3134 627 3183 5
662 3122 1033 3186 profligarunt,
1072 3126 1129 3169 in
1151 3124 1341 3186 fugam
1368 3124 1631 3172 dedirunt.
1649 3150 1716 3160 —
1740 3123 1796 3174 18
1835 3125 2082 3177 animam

278 3203 622 3264 Emiflsfirum‚
650 3206 982 3250 meritarum.

2116 1260 2170 1293 10

2117 1776 2167 1825 15

2113 2803 2158 2853 25
