2200 3517
258 83 325 134 48
785 87 1352 134 EPAMINONDAS.
1422 87 1468 142 6,
1497 70 1540 145 7'.

260 260 484 330 pugna.
576 253 736 312 Tum
768 253 931 310 enim
963 242 1239 329 perfecit,
1275 253 1443 331 quod
1481 263 1623 329 post
1659 252 1963 330 apparuit,
2000 262 2070 311 ut

261 355 487 414 auxilie
520 355 1002 415 Lacedaemonii
1033 357 1341 415 socierum
1373 364 1771 432 privarentur.

188 461 231 520 7
347 458 563 517 Fuisse
623 458 960 535 patientem
1022 467 1396 534 suerumque
1456 459 1708 518 inifirizis
1757 459 2066 518 ferentem

259 561 500 634 civium,
545 562 719 639 quod
764 570 830 620 se
875 562 1111 639 patriae
1157 571 1339 622 irasci
1384 563 1563 621 netes
1603 581 1742 621 esse
1788 562 2062 635 deceret,

259 666 415 724 haec
450 675 594 724 sunt
633 665 1007 725 testimonia.
1097 667 1256 724 Cum
1302 684 1442 724 eum
1485 674 1736 742 propter
1765 665 2066 725 invidiam
2137 680 2160 731 5

259 774 425 826 cives
486 777 579 826 sui
637 769 968 845 praeficere
1028 768 1321 827 exercitui
1394 768 1741 828 abluissent
1814 770 2065 846 duxque

258 881 426 930 esset
456 872 733 931 delectus
779 872 925 931 belli
969 871 1305 949 imperituS,
1342 872 1515 931 cuius
1555 879 1757 932 errere
1789 880 1867 932 ee
1897 883 2066 932 esset

259 982 528 1041 deducta
572 982 677 1040 illa
721 980 1049 1041 multitude
1094 982 1353 1039 militum
1385 991 1452 1040 ut
1489 989 1704 1041 omnes
1746 983 1823 1042 de
1864 984 2064 1042 salflte

257 1084 779 1161 pertimescerent,
835 1086 1004 1161 quod
1057 1086 1329 1144 locerum
1389 1067 1692 1162 angustiis
1744 1086 1941 1145 clausi
1984 1088 2065 1146 ab

258 1189 544 1249 hostibus
589 1189 1051 1260 obsidebantur,
1104 1189 1442 1247 desiderari
1486 1197 1708 1265 coepta
1758 1199 1857 1248 est
1911 1191 2065 1266 Epa-
2104 1204 2156 1237 10

259 1292 589 1351 minendae
621 1292 940 1370 diligentia
966 1315 976 1350 :
1023 1301 1156 1350 erat
1186 1291 1347 1350 enim
1382 1292 1467 1349 ibi
1504 1299 1776 1366 privatus
1807 1300 2065 1352 numere

190 1402 225 1452 2
259 1395 487 1456 militis,
555 1389 612 1455 Ᾰ
636 1403 760 1473 que
793 1414 930 1454 cum
966 1403 1251 1471 peterent
1280 1413 1480 1470 opem,
1516 1394 1745 1454 nnllam
1778 1395 2067 1456 adhibuit

258 1499 616 1561 memoriam
647 1498 1056 1558 contumeliae
1090 1506 1154 1556 et
1184 1497 1520 1556 exercitum
1550 1496 1877 1557 obsidione
1918 1499 2065 1558 libe-

191 1607 224 1657 3
259 1611 456 1662 ratum
506 1603 755 1662 domum
813 1601 1054 1659 reduxit
1099 1600 1486 1659 incolumem.
1579 1602 1713 1659 Nec
1757 1607 1903 1661 vere
1945 1602 2064 1661 hec

257 1704 445 1764 semel
468 1704 633 1773 fecit,
657 1705 770 1763 sed
788 1703 1052 1780 saepius,
1126 1702 1396 1761 Maxime
1421 1712 1626 1761 autem
1644 1702 1762 1762 fuit
1786 1703 2059 1786 inlustre,
2102 1720 2171 1770 15¹

257 1827 395 1867 cum
441 1808 501 1866 in
548 1808 1047 1883 Peloponnesum
1090 1806 1425 1865 exercitum
1458 1806 1734 1865 duxisset
1765 1806 2062 1867 adversus

259 1910 787 1971 Lacedaemonies
831 1910 1211 1985 haberetque
1257 1909 1547 1985 conlegas
1592 1909 1768 1983 du6S,
1802 1917 2062 1986 querum

258 2014 411 2073 alter
440 2023 574 2073 erat
604 2013 954 2089 Pelopidas,
988 2011 1078 2070 vir
1108 2011 1287 2070 fortis
1318 2019 1392 2071 ec
1423 2019 1728 2071 strenuus,
1804 2014 1892 2070 Hi
1924 2032 2060 2072 cum

256 2116 615 2175 criminibus
659 2115 1149 2175 adversariorum
1186 2120 1402 2173 omnes
1439 2113 1501 2171 in
1540 2114 1836 2173 invidiam
1866 2117 2060 2175 venis·

259 2228 396 2278 sent
426 2220 507 2278 ob
539 2238 799 2295 eamque
843 2237 969 2277 rem
1011 2217 1334 2293 imperium
1378 2217 1453 2275 iis
1499 2226 1667 2276 esset
1698 2218 2057 2296 abrogatum
2091 2234 2140 2267 20

258 2331 444 2399 atque
484 2322 546 2380 in
592 2330 803 2382 eorum
846 2321 1050 2380 locum
1094 2319 1198 2377 alii
1239 2326 1556 2395 praetores
1589 2321 2054 2392 successissent,

189 2427 223 2476 4
261 2425 721 2502 Epaminondas
766 2424 978 2501 populi
1026 2430 1185 2482 scite
1233 2431 1359 2482 nen
1411 2422 1614 2499 paruit
1662 2422 1949 2501 idemque
1993 2432 2056 2482 ut

256 2528 534 2587 facerent
577 2526 884 2604 persuasit
929 2526 1206 2603 conlegis
1251 2535 1312 2584 et
1356 2525 1586 2584 bellum
1639 2527 1810 2602 quod
1861 2533 2053 2586 susce-

257 2639 448 2706 perat,
517 2629 728 2707 gessit.
834 2632 1119 2705 Namque
1195 2627 1742 2701 animadvertebat,
1806 2629 1924 2688 nisi
1994 2628 2053 2686 id

256 2733 527 2804 fecisset,
589 2740 786 2792 tetum
847 2731 1186 2789 exercitum
1247 2740 1496 2807 propter
1547 2739 1900 2806 praetorum
1955 2731 2052 2788 im·
2084 2742 2131 2795 25

190 2847 222 2895 5
256 2835 646 2911 prudentiam
678 2835 1109 2910 inscitiamque
1139 2833 1286 2892 belli
1327 2832 1681 2909 periturum.
1773 2836 1901 2895 Lex
1930 2842 2051 2894 erat
2142 2856 2147 2939 A

259 2937 495 2994 Thebis
559 2955 718 3011 quae
788 2948 984 2994 morte
1043 2936 1364 3008 multabat,
1428 2944 1481 2993 si
1540 2936 1680 3012 quis
1739 2937 2047 3014 imperium

353 3080 370 3112 1
385 3079 403 3114 1
434 3067 670 3128 numero,
696 3068 812 3113 Ιοεὸ.
828 3094 896 3101 -
915 3080 933 3113 1
945 3080 971 3114 2
1008 3079 1186 3130 opem,
1212 3069 1491 3115 auxilium.
1508 3095 1574 3104 —-
1593 3081 1653 3133 13
1677 3068 2044 3132 contumeliae,

264 3149 638 3205 mairiam—14
676 3147 1015 3212 incolumem,
1042 3151 1260 3197 salvum.
