<?xml version="1.0" encoding="UTF-8"?>
<!DOCTYPE html PUBLIC "-//W3C//DTD XHTML 1.0 Transitional//EN"
    "http://www.w3.org/TR/xhtml1/DTD/xhtml1-transitional.dtd">
<html xmlns="http://www.w3.org/1999/xhtml" xml:lang="en" lang="en">
 <head>
  <title>
</title>
<meta http-equiv="Content-Type" content="text/html;charset=utf-8" />
  <meta name='ocr-system' content='tesseract 3.04.00' />
  <meta name='ocr-capabilities' content='ocr_page ocr_carea ocr_par ocr_line ocrx_word'/>
</head>
<body>
  <div class='ocr_page' id='page_1' title='image "./selectedlivesfr00unkngoog_0079.png"; bbox 0 0 2200 3517; ppageno 0'>
   <div class='ocr_carea' id='block_1_1' title="bbox 748 142 1957 199">
    <p class='ocr_par' dir='ltr' id='par_1_1' title="bbox 748 142 1957 199">
     <span class='ocr_line' id='line_1_1' title="bbox 748 142 1957 199; baseline 0.003 -9"><span class='ocrx_word' id='word_1_1' title='bbox 748 143 1179 191; x_wconf 81' lang='lat' dir='ltr'><strong>PELOPIDAS.</strong></span> <span class='ocrx_word' id='word_1_2' title='bbox 1259 156 1295 199; x_wconf 85' lang='grc' dir='ltr'>ι,</span> <span class='ocrx_word' id='word_1_3' title='bbox 1325 157 1367 190; x_wconf 81' lang='lat'>2.</span> <span class='ocrx_word' id='word_1_4' title='bbox 1895 142 1957 194; x_wconf 81' lang='grc'>53</span> 
     </span>
    </p>
   </div>
   <div class='ocr_carea' id='block_1_2' title="bbox 74 309 1960 2041">
    <p class='ocr_par' dir='ltr' id='par_1_2' title="bbox 74 309 1957 1006">
     <span class='ocr_line' id='line_1_2' title="bbox 140 309 1954 386; baseline 0.001 -21"><span class='ocrx_word' id='word_1_5' title='bbox 140 309 677 385; x_wconf 66' lang='lat' dir='ltr'>Peloponnesium</span> <span class='ocrx_word' id='word_1_6' title='bbox 738 309 965 367; x_wconf 88' lang='lat' dir='ltr'>bellum</span> <span class='ocrx_word' id='word_1_7' title='bbox 1021 310 1426 386; x_wconf 70' lang='lat' dir='ltr'>Athenasque</span> <span class='ocrx_word' id='word_1_8' title='bbox 1485 310 1759 369; x_wconf 70' lang='lat' dir='ltr'>devictas</span> <span class='ocrx_word' id='word_1_9' title='bbox 1817 329 1954 369; x_wconf 88' lang='lat' dir='ltr'>cum</span> 
     </span>
     <span class='ocr_line' id='line_1_3' title="bbox 137 411 1956 473; baseline 0.002 -5"><span class='ocrx_word' id='word_1_10' title='bbox 137 411 472 471; x_wconf 73' lang='lat' dir='ltr'>Thebanis</span> <span class='ocrx_word' id='word_1_11' title='bbox 523 413 643 471; x_wconf 88' lang='lat' dir='ltr'>sibi</span> <span class='ocrx_word' id='word_1_12' title='bbox 691 432 816 470; x_wconf 88' lang='lat' dir='ltr'>rem</span> <span class='ocrx_word' id='word_1_13' title='bbox 866 431 1005 471; x_wconf 88' lang='lat' dir='ltr'>esse</span> <span class='ocrx_word' id='word_1_14' title='bbox 1055 412 1493 472; x_wconf 72' lang='lat' dir='ltr'>existimabant</span> <span class='ocrx_word' id='word_1_15' title='bbox 1544 423 1606 471; x_wconf 91' lang='lat' dir='ltr'>et</span> <span class='ocrx_word' id='word_1_16' title='bbox 1658 419 1766 472; x_wconf 81' lang='lat' dir='ltr'>ees</span> <span class='ocrx_word' id='word_1_17' title='bbox 1818 431 1956 473; x_wconf 89' lang='lat' dir='ltr'>esse</span> 
     </span>
     <span class='ocr_line' id='line_1_4' title="bbox 74 516 1957 592; baseline 0.004 -23"><span class='ocrx_word' id='word_1_18' title='bbox 74 521 107 569; x_wconf 88' lang='lat'>4</span> <span class='ocrx_word' id='word_1_19' title='bbox 139 516 320 574; x_wconf 74' lang='lat' dir='ltr'>seles</span> <span class='ocrx_word' id='word_1_20' title='bbox 350 525 457 592; x_wconf 92' lang='lat' dir='ltr'>qui</span> <span class='ocrx_word' id='word_1_21' title='bbox 488 516 786 574; x_wconf 90' lang='lat' dir='ltr'>adversus</span> <span class='ocrx_word' id='word_1_22' title='bbox 820 516 1107 574; x_wconf 89' lang='lat' dir='ltr'>resistere</span> <span class='ocrx_word' id='word_1_23' title='bbox 1150 517 1466 576; x_wconf 87' lang='lat' dir='ltr'>auderent.</span> <span class='ocrx_word' id='word_1_24' title='bbox 1559 517 1699 575; x_wconf 72' lang='lat' dir='ltr'>Hac</span> <span class='ocrx_word' id='word_1_25' title='bbox 1753 527 1957 576; x_wconf 89' lang='lat' dir='ltr'>mente</span> 
     </span>
     <span class='ocr_line' id='line_1_5' title="bbox 138 619 1955 696; baseline 0.002 -21"><span class='ocrx_word' id='word_1_26' title='bbox 138 628 368 678; x_wconf 90' lang='lat' dir='ltr'>amicis</span> <span class='ocrx_word' id='word_1_27' title='bbox 401 629 529 679; x_wconf 90' lang='lat' dir='ltr'>suis</span> <span class='ocrx_word' id='word_1_28' title='bbox 562 628 834 678; x_wconf 70' lang='lat' dir='ltr'>summas</span> <span class='ocrx_word' id='word_1_29' title='bbox 873 626 1218 695; x_wconf 72' lang='lat' dir='ltr'>potestates</span> <span class='ocrx_word' id='word_1_30' title='bbox 1251 619 1553 677; x_wconf 89' lang='lat' dir='ltr'>dederant</span> <span class='ocrx_word' id='word_1_31' title='bbox 1584 619 1955 696; x_wconf 86' lang='lat' dir='ltr'>alteriusque</span> 
     </span>
     <span class='ocr_line' id='line_1_6' title="bbox 138 721 1956 799; baseline 0.001 -21"><span class='ocrx_word' id='word_1_32' title='bbox 138 722 445 782; x_wconf 79' lang='lat' dir='ltr'>factienis</span> <span class='ocrx_word' id='word_1_33' title='bbox 476 723 788 799; x_wconf 84' lang='lat' dir='ltr'>principes</span> <span class='ocrx_word' id='word_1_34' title='bbox 826 722 1049 798; x_wconf 88' lang='lat' dir='ltr'>partim</span> <span class='ocrx_word' id='word_1_35' title='bbox 1089 721 1545 794; x_wconf 60' lang='lat' dir='ltr'><strong>interfecerant,</strong></span> <span class='ocrx_word' id='word_1_36' title='bbox 1581 722 1735 786; x_wconf 77' lang='lat' dir='ltr'>alies</span> <span class='ocrx_word' id='word_1_37' title='bbox 1767 723 1828 780; x_wconf 91' lang='lat' dir='ltr'>in</span> <span class='ocrx_word' id='word_1_38' title='bbox 1859 742 1956 781; x_wconf 85' lang='lat' dir='ltr'>ex-</span> 
     </span>
     <span class='ocr_line' id='line_1_7' title="bbox 143 825 1956 902; baseline 0.002 -20"><span class='ocrx_word' id='word_1_39' title='bbox 143 825 357 884; x_wconf 83' lang='lat' dir='ltr'>silium</span> <span class='ocrx_word' id='word_1_40' title='bbox 403 827 749 886; x_wconf 87' lang='lat' dir='ltr'>eiecerant:</span> <span class='ocrx_word' id='word_1_41' title='bbox 795 826 859 883; x_wconf 90' lang='lat' dir='ltr'>in</span> <span class='ocrx_word' id='word_1_42' title='bbox 906 825 1133 901; x_wconf 88' lang='lat' dir='ltr'>quibus</span> <span class='ocrx_word' id='word_1_43' title='bbox 1181 825 1513 901; x_wconf 69' lang='lat' dir='ltr'>Pelopidas</span> <span class='ocrx_word' id='word_1_44' title='bbox 1559 826 1675 898; x_wconf 90' lang='lat' dir='ltr'>hie,</span> <span class='ocrx_word' id='word_1_45' title='bbox 1709 826 1787 885; x_wconf 85' lang='lat' dir='ltr'>de</span> <span class='ocrx_word' id='word_1_46' title='bbox 1833 833 1956 902; x_wconf 68' lang='lat' dir='ltr'>qus)</span> 
     </span>
     <span class='ocr_line' id='line_1_8' title="bbox 145 928 1700 1006; baseline 0 -19"><span class='ocrx_word' id='word_1_47' title='bbox 145 931 423 989; x_wconf 91' lang='lat' dir='ltr'>scribere</span> <span class='ocrx_word' id='word_1_48' title='bbox 455 938 658 990; x_wconf 76' lang='lat' dir='ltr'>exersi</span> <span class='ocrx_word' id='word_1_49' title='bbox 691 949 919 1002; x_wconf 63' lang='lat' dir='ltr'>summ,</span> <span class='ocrx_word' id='word_1_50' title='bbox 954 931 1170 1006; x_wconf 90' lang='lat' dir='ltr'>pulsus</span> <span class='ocrx_word' id='word_1_51' title='bbox 1202 928 1400 1005; x_wconf 73' lang='lat' dir='ltr'>patria</span> <span class='ocrx_word' id='word_1_52' title='bbox 1433 929 1700 987; x_wconf 87' lang='lat' dir='ltr'>carebat.</span> 
     </span>
    </p>

    <p class='ocr_par' dir='ltr' id='par_1_3' title="bbox 75 1023 1956 1319">
     <span class='ocr_line' id='line_1_9' title="bbox 75 1023 1956 1109; baseline 0.001 -19"><span class='ocrx_word' id='word_1_53' title='bbox 75 1023 118 1083; x_wconf 89' lang='lat'>2</span> <span class='ocrx_word' id='word_1_54' title='bbox 236 1035 329 1092; x_wconf 91' lang='lat' dir='ltr'>Hi</span> <span class='ocrx_word' id='word_1_55' title='bbox 373 1042 591 1093; x_wconf 91' lang='lat' dir='ltr'>omnes</span> <span class='ocrx_word' id='word_1_56' title='bbox 632 1034 760 1093; x_wconf 86' lang='lat' dir='ltr'>fere</span> <span class='ocrx_word' id='word_1_57' title='bbox 793 1035 1073 1094; x_wconf 77' lang='lat' dir='ltr'>Athenas</span> <span class='ocrx_word' id='word_1_58' title='bbox 1121 1041 1188 1093; x_wconf 87' lang='lat' dir='ltr'>se</span> <span class='ocrx_word' id='word_1_59' title='bbox 1234 1033 1642 1102; x_wconf 85' lang='lat' dir='ltr'>contulerant,</span> <span class='ocrx_word' id='word_1_60' title='bbox 1676 1040 1801 1092; x_wconf 78' lang='lat' dir='ltr'>nen</span> <span class='ocrx_word' id='word_1_61' title='bbox 1833 1040 1956 1109; x_wconf 76' lang='lat' dir='ltr'>que</span> 
     </span>
     <span class='ocr_line' id='line_1_10' title="bbox 147 1135 1956 1216; baseline -0.001 -22"><span class='ocrx_word' id='word_1_62' title='bbox 147 1146 560 1212; x_wconf 85' lang='lat' dir='ltr'>sequerentur</span> <span class='ocrx_word' id='word_1_63' title='bbox 589 1137 798 1210; x_wconf 75' lang='lat' dir='ltr'>etium,</span> <span class='ocrx_word' id='word_1_64' title='bbox 834 1139 945 1197; x_wconf 89' lang='lat' dir='ltr'>sed</span> <span class='ocrx_word' id='word_1_65' title='bbox 975 1148 1059 1210; x_wconf 90' lang='lat' dir='ltr'>ut,</span> <span class='ocrx_word' id='word_1_66' title='bbox 1094 1157 1279 1216; x_wconf 91' lang='lat' dir='ltr'>quem</span> <span class='ocrx_word' id='word_1_67' title='bbox 1319 1156 1394 1196; x_wconf 86' lang='lat' dir='ltr'>ex</span> <span class='ocrx_word' id='word_1_68' title='bbox 1432 1135 1710 1213; x_wconf 74' lang='lat' dir='ltr'>proxime</span> <span class='ocrx_word' id='word_1_69' title='bbox 1754 1136 1956 1195; x_wconf 89' lang='lat' dir='ltr'>locum</span> 
     </span>
     <span class='ocr_line' id='line_1_11' title="bbox 148 1240 1954 1319; baseline 0.002 -22"><span class='ocrx_word' id='word_1_70' title='bbox 148 1240 277 1299; x_wconf 84' lang='lat' dir='ltr'>fors</span> <span class='ocrx_word' id='word_1_71' title='bbox 330 1240 679 1311; x_wconf 90' lang='lat' dir='ltr'>obtulisset,</span> <span class='ocrx_word' id='word_1_72' title='bbox 735 1249 809 1300; x_wconf 77' lang='lat' dir='ltr'>ee</span> <span class='ocrx_word' id='word_1_73' title='bbox 855 1242 1118 1317; x_wconf 89' lang='lat' dir='ltr'>patriam</span> <span class='ocrx_word' id='word_1_74' title='bbox 1176 1252 1537 1319; x_wconf 74' lang='lat' dir='ltr'>recuperare</span> <span class='ocrx_word' id='word_1_75' title='bbox 1598 1252 1954 1302; x_wconf 84' lang='lat' dir='ltr'>niterentur.</span> 
     </span>
    </p>

    <p class='ocr_par' dir='ltr' id='par_1_4' title="bbox 85 1346 1960 1732">
     <span class='ocr_line' id='line_1_12' title="bbox 85 1346 1957 1424; baseline 0.003 -27"><span class='ocrx_word' id='word_1_76' title='bbox 85 1346 118 1396; x_wconf 85' lang='lat'><strong>2</strong></span> <span class='ocrx_word' id='word_1_77' title='bbox 152 1346 378 1419; x_wconf 91' lang='lat' dir='ltr'>Itaque</span> <span class='ocrx_word' id='word_1_78' title='bbox 416 1362 556 1424; x_wconf 84' lang='lat' dir='ltr'>cum</span> <span class='ocrx_word' id='word_1_79' title='bbox 594 1354 836 1419; x_wconf 89' lang='lat' dir='ltr'>tempus</span> <span class='ocrx_word' id='word_1_80' title='bbox 871 1356 1038 1404; x_wconf 88' lang='lat' dir='ltr'>esset</span> <span class='ocrx_word' id='word_1_81' title='bbox 1069 1354 1263 1405; x_wconf 89' lang='lat' dir='ltr'>visum</span> <span class='ocrx_word' id='word_1_82' title='bbox 1308 1355 1395 1405; x_wconf 90' lang='lat' dir='ltr'>rei</span> <span class='ocrx_word' id='word_1_83' title='bbox 1435 1346 1764 1423; x_wconf 87' lang='lat' dir='ltr'>gerendae,</span> <span class='ocrx_word' id='word_1_84' title='bbox 1797 1363 1957 1403; x_wconf 91' lang='lat' dir='ltr'>com—</span> 
     </span>
     <span class='ocr_line' id='line_1_13' title="bbox 151 1447 1958 1524; baseline 0.001 -20"><span class='ocrx_word' id='word_1_85' title='bbox 151 1448 420 1506; x_wconf 67' lang='lat' dir='ltr'>meniter</span> <span class='ocrx_word' id='word_1_86' title='bbox 458 1466 597 1505; x_wconf 91' lang='lat' dir='ltr'>cum</span> <span class='ocrx_word' id='word_1_87' title='bbox 637 1447 713 1505; x_wconf 88' lang='lat' dir='ltr'>iis</span> <span class='ocrx_word' id='word_1_88' title='bbox 758 1457 864 1524; x_wconf 83' lang='lat' dir='ltr'>qui</span> <span class='ocrx_word' id='word_1_89' title='bbox 903 1447 1138 1508; x_wconf 88' lang='lat' dir='ltr'>Thebis</span> <span class='ocrx_word' id='word_1_90' title='bbox 1179 1449 1344 1508; x_wconf 90' lang='lat' dir='ltr'>idem</span> <span class='ocrx_word' id='word_1_91' title='bbox 1386 1449 1772 1520; x_wconf 64' lang='lat' dir='ltr'>sentiebantf</span> <span class='ocrx_word' id='word_1_92' title='bbox 1793 1447 1958 1506; x_wconf 90' lang='lat' dir='ltr'>diem</span> 
     </span>
     <span class='ocr_line' id='line_1_14' title="bbox 153 1550 1957 1628; baseline 0.001 -20"><span class='ocrx_word' id='word_1_93' title='bbox 153 1551 519 1627; x_wconf 86' lang='lat' dir='ltr'>delegerunt</span> <span class='ocrx_word' id='word_1_94' title='bbox 572 1550 652 1608; x_wconf 90' lang='lat' dir='ltr'>ad</span> <span class='ocrx_word' id='word_1_95' title='bbox 699 1550 980 1610; x_wconf 75' lang='lat' dir='ltr'>inimices</span> <span class='ocrx_word' id='word_1_96' title='bbox 1032 1552 1473 1628; x_wconf 78' lang='lat' dir='ltr'>opprimendes</span> <span class='ocrx_word' id='word_1_97' title='bbox 1522 1551 1957 1626; x_wconf 74' lang='lat' dir='ltr'>civitatemque</span> 
     </span>
     <span class='ocr_line' id='line_1_15' title="bbox 155 1641 1960 1732; baseline 0.002 -23"><span class='ocrx_word' id='word_1_98' title='bbox 155 1653 543 1713; x_wconf 83' lang='lat' dir='ltr'>liberandam</span> <span class='ocrx_word' id='word_1_99' title='bbox 574 1672 713 1711; x_wconf 90' lang='lat' dir='ltr'>eum</span> <span class='ocrx_word' id='word_1_100' title='bbox 744 1661 869 1730; x_wconf 76' lang='lat' dir='ltr'>que</span> <span class='ocrx_word' id='word_1_101' title='bbox 900 1655 1149 1714; x_wconf 70' lang='lat' dir='ltr'>maximi</span> <span class='ocrx_word' id='word_1_102' title='bbox 1180 1641 1575 1732; x_wconf 52' lang='lat' dir='ltr'>magistrates</span> <span class='ocrx_word' id='word_1_103' title='bbox 1606 1654 1785 1712; x_wconf 89' lang='lat' dir='ltr'>simul</span> <span class='ocrx_word' id='word_1_104' title='bbox 1818 1662 1960 1714; x_wconf 77' lang='lat' dir='ltr'>cen·</span> 
     </span>
    </p>

    <p class='ocr_par' dir='ltr' id='par_1_5' title="bbox 92 1756 1958 2041">
     <span class='ocr_line' id='line_1_16' title="bbox 92 1756 1958 1834; baseline 0.001 -20"><span class='ocrx_word' id='word_1_105' title='bbox 92 1758 125 1808; x_wconf 82' lang='grc'>3</span> <span class='ocrx_word' id='word_1_106' title='bbox 157 1764 410 1815; x_wconf 87' lang='lat' dir='ltr'>suerant</span> <span class='ocrx_word' id='word_1_107' title='bbox 448 1756 701 1832; x_wconf 74' lang='lat' dir='ltr'>epulari.</span> <span class='ocrx_word' id='word_1_108' title='bbox 798 1758 1062 1833; x_wconf 72' lang='lat' dir='ltr'>Magnae</span> <span class='ocrx_word' id='word_1_109' title='bbox 1095 1777 1283 1834; x_wconf 87' lang='lat' dir='ltr'>saepe</span> <span class='ocrx_word' id='word_1_110' title='bbox 1314 1766 1413 1817; x_wconf 84' lang='lat' dir='ltr'>res</span> <span class='ocrx_word' id='word_1_111' title='bbox 1444 1766 1566 1817; x_wconf 78' lang='lat' dir='ltr'>nen</span> <span class='ocrx_word' id='word_1_112' title='bbox 1601 1758 1686 1816; x_wconf 88' lang='lat' dir='ltr'>ita</span> <span class='ocrx_word' id='word_1_113' title='bbox 1717 1766 1958 1834; x_wconf 72' lang='lat' dir='ltr'>magnis</span> 
     </span>
     <span class='ocr_line' id='line_1_17' title="bbox 158 1859 1957 1937; baseline 0.002 -20"><span class='ocrx_word' id='word_1_114' title='bbox 158 1859 354 1935; x_wconf 77' lang='lat' dir='ltr'>cepiis</span> <span class='ocrx_word' id='word_1_115' title='bbox 401 1868 548 1919; x_wconf 89' lang='lat' dir='ltr'>sunt</span> <span class='ocrx_word' id='word_1_116' title='bbox 588 1868 821 1936; x_wconf 87' lang='lat' dir='ltr'>gestae,</span> <span class='ocrx_word' id='word_1_117' title='bbox 859 1861 970 1919; x_wconf 89' lang='lat' dir='ltr'>sed</span> <span class='ocrx_word' id='word_1_118' title='bbox 1013 1861 1297 1936; x_wconf 77' lang='lat' dir='ltr'>profecte</span> <span class='ocrx_word' id='word_1_119' title='bbox 1337 1879 1672 1937; x_wconf 89' lang='lat' dir='ltr'>numquam</span> <span class='ocrx_word' id='word_1_120' title='bbox 1713 1871 1837 1920; x_wconf 91' lang='lat' dir='ltr'>tam</span> <span class='ocrx_word' id='word_1_121' title='bbox 1879 1863 1957 1920; x_wconf 92' lang='lat' dir='ltr'>ab</span> 
     </span>
     <span class='ocr_line' id='line_1_18' title="bbox 158 1962 1957 2041; baseline 0 -20"><span class='ocrx_word' id='word_1_122' title='bbox 158 1971 329 2021; x_wconf 90' lang='lat' dir='ltr'>tenui</span> <span class='ocrx_word' id='word_1_123' title='bbox 389 1962 567 2022; x_wconf 67' lang='lat' dir='ltr'>initis)</span> <span class='ocrx_word' id='word_1_124' title='bbox 625 1972 835 2021; x_wconf 88' lang='lat' dir='ltr'>tantae</span> <span class='ocrx_word' id='word_1_125' title='bbox 894 1970 1045 2038; x_wconf 90' lang='lat' dir='ltr'>opes</span> <span class='ocrx_word' id='word_1_126' title='bbox 1107 1973 1250 2022; x_wconf 89' lang='lat' dir='ltr'>sunt</span> <span class='ocrx_word' id='word_1_127' title='bbox 1308 1964 1688 2041; x_wconf 72' lang='lat' dir='ltr'>prefligatae.</span> <span class='ocrx_word' id='word_1_128' title='bbox 1796 1966 1957 2022; x_wconf 90' lang='lat' dir='ltr'>Nam</span> 
     </span>
    </p>
   </div>
   <div class='ocr_carea' id='block_1_3' title="bbox 161 2065 1974 2143">
    <p class='ocr_par' dir='ltr' id='par_1_6' title="bbox 161 2065 1974 2143">
     <span class='ocr_line' id='line_1_19' title="bbox 161 2065 1974 2143; baseline 0.001 -18"><span class='ocrx_word' id='word_1_129' title='bbox 161 2065 490 2125; x_wconf 89' lang='lat' dir='ltr'>duodecim</span> <span class='ocrx_word' id='word_1_130' title='bbox 535 2066 982 2125; x_wconf 75' lang='lat' dir='ltr'>adulescentuli</span> <span class='ocrx_word' id='word_1_131' title='bbox 1028 2067 1306 2126; x_wconf 87' lang='lat' dir='ltr'>coierunt</span> <span class='ocrx_word' id='word_1_132' title='bbox 1350 2086 1425 2125; x_wconf 85' lang='lat' dir='ltr'>ex</span> <span class='ocrx_word' id='word_1_133' title='bbox 1469 2067 1544 2126; x_wconf 87' lang='lat' dir='ltr'>iis</span> <span class='ocrx_word' id='word_1_134' title='bbox 1592 2076 1698 2143; x_wconf 92' lang='lat' dir='ltr'>qui</span> <span class='ocrx_word' id='word_1_135' title='bbox 1742 2067 1974 2126; x_wconf 64' lang='lat' dir='ltr'>exsili&amp;</span> 
     </span>
    </p>
   </div>
   <div class='ocr_carea' id='block_1_4' title="bbox 99 2169 1960 2763">
    <p class='ocr_par' dir='ltr' id='par_1_7' title="bbox 99 2169 1960 2763">
     <span class='ocr_line' id='line_1_20' title="bbox 162 2169 1959 2246; baseline 0.001 -18"><span class='ocrx_word' id='word_1_136' title='bbox 162 2179 335 2228; x_wconf 89' lang='lat' dir='ltr'>erant</span> <span class='ocrx_word' id='word_1_137' title='bbox 392 2169 654 2240; x_wconf 71' lang='lat' dir='ltr'>multati,</span> <span class='ocrx_word' id='word_1_138' title='bbox 718 2188 859 2227; x_wconf 90' lang='lat' dir='ltr'>cum</span> <span class='ocrx_word' id='word_1_139' title='bbox 918 2178 1170 2230; x_wconf 76' lang='lat' dir='ltr'>omnine</span> <span class='ocrx_word' id='word_1_140' title='bbox 1237 2178 1360 2229; x_wconf 76' lang='lat' dir='ltr'>nen</span> <span class='ocrx_word' id='word_1_141' title='bbox 1426 2180 1639 2229; x_wconf 87' lang='lat' dir='ltr'>essent</span> <span class='ocrx_word' id='word_1_142' title='bbox 1696 2170 1959 2246; x_wconf 89' lang='lat' dir='ltr'>amplius</span> 
     </span>
     <span class='ocr_line' id='line_1_21' title="bbox 164 2273 1960 2350; baseline 0 -19"><span class='ocrx_word' id='word_1_143' title='bbox 164 2282 426 2344; x_wconf 90' lang='lat' dir='ltr'>centum,</span> <span class='ocrx_word' id='word_1_144' title='bbox 462 2282 567 2347; x_wconf 91' lang='lat' dir='ltr'>qui</span> <span class='ocrx_word' id='word_1_145' title='bbox 609 2280 785 2332; x_wconf 78' lang='lat' dir='ltr'>tante</span> <span class='ocrx_word' id='word_1_146' title='bbox 825 2280 891 2331; x_wconf 89' lang='lat' dir='ltr'>se</span> <span class='ocrx_word' id='word_1_147' title='bbox 933 2273 1226 2332; x_wconf 84' lang='lat' dir='ltr'>offerrent</span> <span class='ocrx_word' id='word_1_148' title='bbox 1262 2275 1554 2350; x_wconf 75' lang='lat' dir='ltr'>pericule.</span> <span class='ocrx_word' id='word_1_149' title='bbox 1645 2274 1787 2347; x_wconf 73' lang='lat' dir='ltr'>Qua</span> <span class='ocrx_word' id='word_1_150' title='bbox 1820 2293 1960 2349; x_wconf 90' lang='lat' dir='ltr'>pau·</span> 
     </span>
     <span class='ocr_line' id='line_1_22' title="bbox 99 2374 1960 2452; baseline 0 -19"><span class='ocrx_word' id='word_1_151' title='bbox 99 2383 133 2433; x_wconf 87' lang='lat'>4</span> <span class='ocrx_word' id='word_1_152' title='bbox 165 2376 343 2435; x_wconf 68' lang='lat' dir='ltr'>citete</span> <span class='ocrx_word' id='word_1_153' title='bbox 372 2374 660 2452; x_wconf 87' lang='lat' dir='ltr'>perculsa</span> <span class='ocrx_word' id='word_1_154' title='bbox 691 2386 787 2434; x_wconf 88' lang='lat' dir='ltr'>est</span> <span class='ocrx_word' id='word_1_155' title='bbox 818 2376 1451 2436; x_wconf 75' lang='lat' dir='ltr'>Lacedaemoniorum</span> <span class='ocrx_word' id='word_1_156' title='bbox 1483 2376 1779 2452; x_wconf 90' lang='lat' dir='ltr'>potentia.</span> <span class='ocrx_word' id='word_1_157' title='bbox 1872 2378 1960 2433; x_wconf 86' lang='lat' dir='ltr'>Hi</span> 
     </span>
     <span class='ocr_line' id='line_1_23' title="bbox 167 2478 1958 2556; baseline -0.001 -18"><span class='ocrx_word' id='word_1_158' title='bbox 167 2479 326 2538; x_wconf 89' lang='lat' dir='ltr'>enim</span> <span class='ocrx_word' id='word_1_159' title='bbox 363 2486 487 2538; x_wconf 78' lang='lat' dir='ltr'>nen</span> <span class='ocrx_word' id='word_1_160' title='bbox 528 2478 722 2554; x_wconf 90' lang='lat' dir='ltr'>magis</span> <span class='ocrx_word' id='word_1_161' title='bbox 756 2478 1245 2539; x_wconf 70' lang='lat' dir='ltr'>adversarierum</span> <span class='ocrx_word' id='word_1_162' title='bbox 1275 2479 1536 2539; x_wconf 79' lang='lat' dir='ltr'>factieni</span> <span class='ocrx_word' id='word_1_163' title='bbox 1566 2498 1752 2556; x_wconf 90' lang='lat' dir='ltr'>quam</span> <span class='ocrx_word' id='word_1_164' title='bbox 1786 2481 1958 2555; x_wconf 85' lang='lat' dir='ltr'>Spar-</span> 
     </span>
     <span class='ocr_line' id='line_1_24' title="bbox 168 2581 1960 2658; baseline -0.001 -17"><span class='ocrx_word' id='word_1_165' title='bbox 168 2591 326 2641; x_wconf 77' lang='lat' dir='ltr'>tanis</span> <span class='ocrx_word' id='word_1_166' title='bbox 370 2588 446 2640; x_wconf 81' lang='lat' dir='ltr'>ee</span> <span class='ocrx_word' id='word_1_167' title='bbox 494 2590 770 2657; x_wconf 90' lang='lat' dir='ltr'>tempore</span> <span class='ocrx_word' id='word_1_168' title='bbox 817 2581 1048 2640; x_wconf 89' lang='lat' dir='ltr'>bellum</span> <span class='ocrx_word' id='word_1_169' title='bbox 1097 2581 1451 2655; x_wconf 88' lang='lat' dir='ltr'>intulerunt,</span> <span class='ocrx_word' id='word_1_170' title='bbox 1495 2592 1600 2658; x_wconf 92' lang='lat' dir='ltr'>qui</span> <span class='ocrx_word' id='word_1_171' title='bbox 1651 2582 1960 2658; x_wconf 71' lang='lat' dir='ltr'>principes</span> 
     </span>
     <span class='ocr_line' id='line_1_25' title="bbox 170 2673 1958 2763; baseline 0 -19"><span class='ocrx_word' id='word_1_172' title='bbox 170 2695 337 2745; x_wconf 87' lang='lat' dir='ltr'>erant</span> <span class='ocrx_word' id='word_1_173' title='bbox 392 2691 584 2744; x_wconf 78' lang='lat' dir='ltr'>tetius</span> <span class='ocrx_word' id='word_1_174' title='bbox 632 2673 984 2744; x_wconf 83' lang='lat' dir='ltr'>Graeciae:</span> <span class='ocrx_word' id='word_1_175' title='bbox 1048 2693 1307 2760; x_wconf 75' lang='lat' dir='ltr'>querum</span> <span class='ocrx_word' id='word_1_176' title='bbox 1370 2686 1585 2763; x_wconf 88' lang='lat' dir='ltr'>imperi</span> <span class='ocrx_word' id='word_1_177' title='bbox 1645 2686 1958 2757; x_wconf 73' lang='lat' dir='ltr'>maiestaS,</span> 
     </span>
    </p>
   </div>
   <div class='ocr_carea' id='block_1_5' title="bbox 171 2787 1964 2864">
    <p class='ocr_par' dir='ltr' id='par_1_8' title="bbox 171 2787 1964 2864">
     <span class='ocr_line' id='line_1_26' title="bbox 171 2787 1964 2864; baseline -0.001 -17"><span class='ocrx_word' id='word_1_178' title='bbox 171 2806 361 2863; x_wconf 88' lang='lat' dir='ltr'>neque</span> <span class='ocrx_word' id='word_1_179' title='bbox 401 2787 489 2845; x_wconf 90' lang='lat' dir='ltr'>ita</span> <span class='ocrx_word' id='word_1_180' title='bbox 526 2788 720 2846; x_wconf 78' lang='lat' dir='ltr'>multe</span> <span class='ocrx_word' id='word_1_181' title='bbox 760 2796 922 2863; x_wconf 89' lang='lat' dir='ltr'>post,</span> <span class='ocrx_word' id='word_1_182' title='bbox 969 2788 1294 2847; x_wconf 72' lang='lat' dir='ltr'>Leuctrica</span> <span class='ocrx_word' id='word_1_183' title='bbox 1339 2797 1546 2864; x_wconf 72' lang='lat' dir='ltr'>pfigna</span> <span class='ocrx_word' id='word_1_184' title='bbox 1592 2790 1669 2847; x_wconf 90' lang='lat' dir='ltr'>ab</span> <span class='ocrx_word' id='word_1_185' title='bbox 1715 2788 1833 2847; x_wconf 76' lang='lat' dir='ltr'>hec</span> <span class='ocrx_word' id='word_1_186' title='bbox 1878 2788 1964 2846; x_wconf 92' lang='lat' dir='ltr'>in·</span> 
     </span>
    </p>
   </div>
   <div class='ocr_carea' id='block_1_6' title="bbox 107 2889 1960 2967">
    <p class='ocr_par' dir='ltr' id='par_1_9' title="bbox 107 2889 1960 2967">
     <span class='ocr_line' id='line_1_27' title="bbox 107 2889 1960 2967; baseline 0 -21"><span class='ocrx_word' id='word_1_187' title='bbox 107 2897 139 2946; x_wconf 88' lang='lat'>5</span> <span class='ocrx_word' id='word_1_188' title='bbox 172 2890 275 2949; x_wconf 68' lang='lat' dir='ltr'>itis)</span> <span class='ocrx_word' id='word_1_189' title='bbox 300 2890 584 2967; x_wconf 81' lang='lat' dir='ltr'>perculsa</span> <span class='ocrx_word' id='word_1_190' title='bbox 614 2889 905 2948; x_wconf 90' lang='lat' dir='ltr'>concidit.</span> <span class='ocrx_word' id='word_1_191' title='bbox 1000 2890 1100 2948; x_wconf 93' lang='lat' dir='ltr'>Illi</span> <span class='ocrx_word' id='word_1_192' title='bbox 1126 2890 1309 2966; x_wconf 90' lang='lat' dir='ltr'>igitur</span> <span class='ocrx_word' id='word_1_193' title='bbox 1332 2890 1678 2962; x_wconf 90' lang='lat' dir='ltr'>duodecim,</span> <span class='ocrx_word' id='word_1_194' title='bbox 1702 2897 1960 2967; x_wconf 74' lang='lat' dir='ltr'>querum</span> 
     </span>
    </p>
   </div>
   <div class='ocr_carea' id='block_1_7' title="bbox 174 3050 1961 3269">
    <p class='ocr_par' dir='ltr' id='par_1_10' title="bbox 174 3050 1961 3269">
     <span class='ocr_line' id='line_1_28' title="bbox 235 3050 1961 3116; baseline -0.003 -13"><span class='ocrx_word' id='word_1_195' title='bbox 235 3066 261 3114; x_wconf 95' lang='lat'><em>7</em></span> <span class='ocrx_word' id='word_1_196' title='bbox 315 3052 492 3104; x_wconf 64' lang='lat' dir='ltr'>exfirsi&#39;</span> <span class='ocrx_word' id='word_1_197' title='bbox 533 3064 741 3116; x_wconf 80' lang='lat' dir='ltr'>sumus,</span> <span class='ocrx_word' id='word_1_198' title='bbox 783 3052 1078 3112; x_wconf 62' lang='lat' dir='ltr'>incepimus.</span> <span class='ocrx_word' id='word_1_199' title='bbox 1096 3079 1165 3087; x_wconf 96' lang='lat'><strong>—</strong></span> <span class='ocrx_word' id='word_1_200' title='bbox 1184 3066 1243 3100; x_wconf 92' lang='lat'>10</span> <span class='ocrx_word' id='word_1_201' title='bbox 1285 3050 1594 3114; x_wconf 78' lang='lat' dir='ltr'>obtulisset,</span> <span class='ocrx_word' id='word_1_202' title='bbox 1635 3051 1924 3099; x_wconf 82' lang='lat' dir='ltr'>ostendisset</span> <span class='ocrx_word' id='word_1_203' title='bbox 1937 3066 1961 3107; x_wconf 86' lang='lat'>‚·</span> 
     </span>
     <span class='ocr_line' id='line_1_29' title="bbox 175 3133 1959 3199; baseline -0.003 -12"><span class='ocrx_word' id='word_1_204' title='bbox 175 3137 481 3199; x_wconf 80' lang='lat' dir='ltr'>niterentur,</span> <span class='ocrx_word' id='word_1_205' title='bbox 541 3139 867 3183; x_wconf 65' lang='lat' dir='ltr'>amarentur.</span> <span class='ocrx_word' id='word_1_206' title='bbox 885 3161 953 3171; x_wconf 86' lang='lat'>--</span> <span class='ocrx_word' id='word_1_207' title='bbox 973 3147 1028 3195; x_wconf 94' lang='lat'>17</span> <span class='ocrx_word' id='word_1_208' title='bbox 1090 3134 1262 3198; x_wconf 78' lang='lat' dir='ltr'>tenuI,</span> <span class='ocrx_word' id='word_1_209' title='bbox 1301 3138 1486 3196; x_wconf 64' lang='lat' dir='ltr'>parvci.</span> <span class='ocrx_word' id='word_1_210' title='bbox 1505 3160 1573 3169; x_wconf 89' lang='lat'>-</span> <span class='ocrx_word' id='word_1_211' title='bbox 1592 3133 1649 3182; x_wconf 87' lang='lat'>18</span> <span class='ocrx_word' id='word_1_212' title='bbox 1697 3133 1959 3194; x_wconf 85' lang='lat' dir='ltr'>coierunt,</span> 
     </span>
     <span class='ocr_line' id='line_1_30' title="bbox 174 3223 514 3269; baseline -0.009 0"><span class='ocrx_word' id='word_1_213' title='bbox 174 3223 514 3269; x_wconf 63' lang='lat' dir='ltr'>convinirunt.</span> 
     </span>
    </p>
   </div>
   <div class='ocr_carea' id='block_1_8' title="bbox 1998 1262 2058 1297">
    <p class='ocr_par' dir='ltr' id='par_1_11' title="bbox 1998 1262 2058 1297">
     <span class='ocr_line' id='line_1_31' title="bbox 1998 1262 2058 1297; baseline 0.033 -2"><span class='ocrx_word' id='word_1_214' title='bbox 1998 1262 2058 1297; x_wconf 90' lang='lat'>10</span> 
     </span>
    </p>
   </div>
   <div class='ocr_carea' id='block_1_9' title="bbox 2001 1783 2057 1834">
    <p class='ocr_par' dir='ltr' id='par_1_12' title="bbox 2001 1783 2057 1834">
     <span class='ocr_line' id='line_1_32' title="bbox 2001 1783 2057 1834; baseline 0 0"><span class='ocrx_word' id='word_1_215' title='bbox 2001 1783 2057 1834; x_wconf 87' lang='lat'>15</span> 
     </span>
    </p>
   </div>
   <div class='ocr_carea' id='block_1_10' title="bbox 1999 2302 2061 2336">
    <p class='ocr_par' dir='ltr' id='par_1_13' title="bbox 1999 2302 2061 2336">
     <span class='ocr_line' id='line_1_33' title="bbox 1999 2302 2061 2336; baseline 0 0"><span class='ocrx_word' id='word_1_216' title='bbox 1999 2302 2061 2336; x_wconf 88' lang='lat'>20</span> 
     </span>
    </p>
   </div>
   <div class='ocr_carea' id='block_1_11' title="bbox 2000 2814 2062 2864">
    <p class='ocr_par' dir='ltr' id='par_1_14' title="bbox 2000 2814 2062 2864">
     <span class='ocr_line' id='line_1_34' title="bbox 2000 2814 2062 2864; baseline 0 0"><span class='ocrx_word' id='word_1_217' title='bbox 2000 2814 2062 2864; x_wconf 83' lang='lat'>25</span> 
     </span>
    </p>
   </div>
  </div>
 </body>
</html>
