2200 3517
635 153 1200 203 EPAMINONDAS.
1272 170 1317 216 7,
1341 156 1388 205 8.
1847 162 1914 209 49

118 320 340 380 diutius
410 320 769 379 retinuisset
836 338 1021 397 quam
1085 321 1217 398 lege
1280 324 1676 398 praefinitum
1734 326 1909 384 foret.

120 424 294 482 Hanc
328 398 798 499 Epaminon'das
830 441 967 481 cum
1004 433 1091 482 rei
1128 424 1412 502 pflblicae
1448 428 1912 489 censervandae

116 535 293 585 causa
326 526 516 583 latam
548 525 800 599 videret,
836 527 914 585 ad
944 527 1282 603 perniciem
1322 529 1590 589 civitatis
1632 533 1913 593 cenferre

113 629 301 688 neluit
348 637 410 687 et
449 637 740 705 quattuor
777 631 1095 689 mensibus
1144 631 1371 690 diutius
1419 651 1603 708 quam
1647 634 1911 711 populus

112 733 388 807 iflsserat,
422 734 617 811 gessit
656 735 990 813 imperium.

52 840 88 899 8
187 840 534 913 Postquam
565 838 815 897 domum
846 838 1110 898 reditum
1141 848 1253 912 est,
1288 840 1584 917 conlegae
1625 840 1756 899 eius
1792 842 1911 901 hec

109 941 361 998 crimine
430 942 899 1001 accflsabantur.
1019 942 1263 1019 Quibus
1325 942 1426 1002 ille
1498 943 1777 1019 permisit
1844 954 1912 1004 ut

109 1062 356 1102 omnem
418 1062 696 1125 causam¹
731 1045 790 1102 in
854 1053 920 1104 se
972 1045 1391 1133 transferrent*
1426 1054 1665 1124 sueque
1723 1057 1912 1124 opere

109 1148 340 1206 factum
370 1147 821 1207 contenderent
851 1156 918 1205 ut
960 1148 1079 1225 legi
1119 1156 1246 1208 nen
1293 1149 1676 1208 oboedirent.
1767 1151 1910 1227 Qua:

110 1251 473 1310 defensione
519 1251 639 1309 illis
686 1252 960 1328 pericule
1005 1252 1283 1311 liberetis
1329 1259 1512 1312 neme
1544 1254 1910 1329 Epaminen·

111 1354 245 1412 dam
288 1362 729 1431 responsurum
770 1355 1048 1430 putebat,
1084 1341 1269 1431 quod,
1311 1355 1459 1433 quid
1491 1356 1739 1429 diceret,
1782 1364 1908 1416 nen

1951 1279 2010 1313 10

56 1465 84 1513 2
110 1456 377 1515 haberet.
497 1460 581 1516 At
635 1457 736 1515 ille
789 1457 849 1515 in
907 1456 1201 1516 iudicium
1252 1457 1438 1531 venit,
1493 1458 1645 1516 nihil
1697 1467 1908 1518 eerum
1994 1535 2005 1548 ἱ

112 1561 353 1638 negavit
407 1579 564 1637 quae
607 1559 945 1620 adversarii
986 1560 1225 1619 crimini
1279 1559 1529 1635 dabant,
1577 1562 1908 1639 omniaque

113 1684 262 1740 quae
311 1666 605 1743 conlegae
651 1667 950 1738 dixerant,
985 1666 1312 1725 cenfessus
1356 1676 1452 1725 est
1496 1685 1699 1744 neque
1745 1677 1909 1726 recu-

113 1769 265 1828 szivit
311 1778 435 1846 que
482 1771 684 1830 minus
731 1772 882 1850 legis
933 1789 1200 1849 poenam
1250 1772 1499 1844 subiret,
1555 1772 1667 1830 sed
1720 1781 1905 1830 smum

115 1873 185 1931 ab
242 1873 319 1931 iis
378 1875 611 1950 petivit,
676 1884 744 1934 ut
815 1876 877 1934 in
945 1876 1228 1952 sepulcre
1288 1883 1401 1935 sue
1462 1875 1904 1934 inscriberent:

56 1982 86 2031 3
119 1978 632 2053 “Epaminendas
690 1987 727 2037 a
792 1980 1112 2039 Thebanis
1184 1987 1379 2037 morte
1440 1978 1733 2037 multetus
1793 1986 1904 2050 est,

116 2079 276 2153 quod
319 2087 428 2140 ees
480 2081 683 2158 coegit
736 2083 901 2158 apud
949 2086 1214 2142 Leuctra
1259 2089 1547 2157 superare
1601 2082 1907 2141 Lacedae·

115 2186 365 2259 moni6S‚
414 2194 576 2264 ques
620 2196 761 2245 ante
810 2195 877 2246 se
922 2187 1353 2264 impereterem
1399 2193 1582 2246 neme
1629 2187 1908 2246 Boeetie-

55 2294 86 2342 4
115 2306 242 2346 rum
273 2309 458 2350 ausus
490 2291 571 2350 sit
603 2291 882 2368 aspicere
916 2291 974 2350 in
1011 2292 1161 2363 acie,
1196 2291 1485 2367 quodque
1517 2299 1640 2351 sine
1669 2290 1907 2368 proelic')

117 2397 237 2450 nen
280 2395 473 2454 selum
523 2394 791 2453 Thebes
821 2395 899 2453 ab
946 2394 1195 2453 interitu
1238 2394 1506 2467 retraxit,
1556 2395 1668 2454 sed
1719 2394 1905 2453 etiam

117 2495 453 2557 nniversam
484 2498 812 2558 Graeciam
856 2499 919 2556 in
961 2499 1308 2557 libertatem
1339 2496 1677 2558 vindicavit
1707 2502 1904 2574 eeque

118 2602 212 2657 res
253 2607 647 2677 utrorumque
690 2602 976 2678 perduxit
1022 2611 1089 2660 ut
1134 2602 1420 2661 Thebani
1477 2603 1759 2678 Spartam
1804 2620 1906 2677 op-

118 2710 469 2778 pugnarent,
537 2704 1020 2764 Lacedaemonii
1073 2705 1224 2789 satis
1284 2704 1582 2767 haberent
1642 2714 1694 2763 si
1753 2703 1906 2762 salvi

57 2803 88 2853 5
119 2822 254 2862 esse
306 2814 580 2884 possent,
638 2812 842 2883 neque
901 2807 1068 2884 prius
1128 2807 1358 2866 bellare
1418 2806 1656 2866 destitit
1722 2825 1904 2883 quam

206 3006 228 3053 7
283 2998 548 3062 permisit,
611 2998 855 3045 concessit.
882 3025 948 3033 —
969 3010 1001 3058 9
1060 2997 1462 3061 contenderent,
1511 2997 1872 3060 adfirmarent
1889 3011 1906 3048 ,τ

120 3077 435 3146 oboedirent,
451 3084 721 3144 parerent.
735 3108 803 3116 --—
817 3093 870 3127 21
902 3079 1152 3142 retraxit,
1169 3078 1496 3127 censerva'vit.
1511 3107 1576 3115 —
1590 3093 1649 3125 22
1677 3078 1734 3126 in
1749 3078 1909 3126 liber-

120 3159 288 3211 ffitem
307 3162 634 3225 vindicavit,
661 3161 912 3207 liberavit.
931 3188 999 3195 —
1020 3173 1046 3205 2
1056 3173 1081 3225 5
1117 3160 1354 3225 destitit,
1383 3160 1671 3206 intermisit.

1950 1795 2008 1846 15

1945 2312 2007 2348 20

1944 2825 2005 2875 25
